<collection xmlns="http://www.loc.gov/MARC21/slim">
<record>
  <leader>01282nam0a2200253 i 450 </leader>
  <controlfield tag="001">IT\ICCU\CNCE\017064</controlfield>
  <controlfield tag="005">20030919000000.0</controlfield>
  <datafield tag="012" ind1=" " ind2=" ">
    <subfield code="a">onen ruum i-de usm, (C) 1547 (Q)</subfield>
    <subfield code="2">fei</subfield>
  </datafield>
  <datafield tag="100" ind1=" " ind2=" ">
    <subfield code="a">19970101f1547        0itac0103    ba</subfield>
  </datafield>
  <datafield tag="101" ind1=" " ind2=" ">
    <subfield code="a">LAT</subfield>
  </datafield>
  <datafield tag="102" ind1=" " ind2=" ">
    <subfield code="a">IT</subfield>
  </datafield>
  <datafield tag="200" ind1="1" ind2=" ">
    <subfield code="a">Oratio habita Romae apud sanctum Petrum, in festo omnium sanctorum, ab Antonio Diaz Ispano penitentiario apostolico, coram sanctissimo d.n. Paulo papa III et reuerendissimis S.R.E. cardinalibus, &amp; frequaenti fidelium concione, anno Domini MDXLVII</subfield>
  </datafield>
  <datafield tag="210" ind1=" " ind2=" ">
    <subfield code="a">Romae</subfield>
    <subfield code="c">apud d. Hieronimam de Cartularii</subfield>
    <subfield code="d">mense Decembri \1547!</subfield>
  </datafield>
  <datafield tag="215" ind1=" " ind2=" ">
    <subfield code="a">\4! c.</subfield>
    <subfield code="d">4ʻ</subfield>
  </datafield>
  <datafield tag="620" ind1=" " ind2=" ">
    <subfield code="a">IT</subfield>
    <subfield code="d">Roma</subfield>
  </datafield>
  <datafield tag="700" ind1=" " ind2="1">
    <subfield code="a">Diaz,</subfield>
    <subfield code="b">Antonio</subfield>
    <subfield code="c"> &lt;penitenziere&gt;</subfield>
    <subfield code="3">IT\ICCU\CNCA\004807</subfield>
  </datafield>
  <datafield tag="712" ind1="0" ind2="0">
    <subfield code="a">Cartolari, Girolama</subfield>
    <subfield code="3">IT\ICCU\CNCT\000184</subfield>
    <subfield code="4">650</subfield>
  </datafield>
  <datafield tag="790" ind1=" " ind2="1">
    <subfield code="a">Diaz,</subfield>
    <subfield code="b">Antonius</subfield>
    <subfield code="c"> &lt;penitenziere&gt;</subfield>
    <subfield code="3">IT\ICCU\CNCA\019888</subfield>
    <subfield code="z">Diaz, Antonio &lt;penitenziere&gt;</subfield>
  </datafield>
  <datafield tag="791" ind1="0" ind2="0">
    <subfield code="a">Cartulariis, Hieronyma de</subfield>
    <subfield code="3">IT\ICCU\CNCT\004495</subfield>
    <subfield code="z">Cartolari, Girolama</subfield>
  </datafield>
  <datafield tag="791" ind1="0" ind2="0">
    <subfield code="a">Cartulari, Gieronyma de</subfield>
    <subfield code="3">IT\ICCU\CNCT\004497</subfield>
    <subfield code="z">Cartolari, Girolama</subfield>
  </datafield>
  <datafield tag="801" ind1=" " ind2="3">
    <subfield code="a">IT</subfield>
    <subfield code="b">ICCU</subfield>
    <subfield code="c">20201114</subfield>
  </datafield>
  <datafield tag="899" ind1=" " ind2=" ">
    <subfield code="a">Biblioteca Apostolica Vaticana. Citt ̉del Vaticano</subfield>
    <subfield code="1">EX0001</subfield>
    <subfield code="2">ZCV 01</subfield>
  </datafield>
  <datafield tag="899" ind1=" " ind2=" ">
    <subfield code="a">Biblioteca nazionale centrale. Firenze</subfield>
    <subfield code="1">FI0098</subfield>
    <subfield code="2">CFI CF</subfield>
  </datafield>
  <datafield tag="899" ind1=" " ind2=" ">
    <subfield code="a">Biblioteca comunale Augusta. Perugia</subfield>
    <subfield code="1">PG0109</subfield>
    <subfield code="2">UM1 01</subfield>
  </datafield>
</record>
</collection>
